<record><leader>00000cas a22000007a 4500</leader><controlfield tag="001">15472161</controlfield><controlfield tag="008">870401d18821919inudn ne      0    0eng d</controlfield><datafield ind1=" " ind2=" " tag="010"><subfield code="a">sn 87055840 </subfield></datafield><datafield ind1=" " ind2=" " tag="040"><subfield code="a">NPI</subfield><subfield code="b">eng</subfield><subfield code="c">NPI</subfield><subfield code="d">OCLCQ</subfield><subfield code="d">IUL</subfield><subfield code="d">OCLCF</subfield></datafield><datafield ind1="1" ind2=" " tag="029"><subfield code="a">AU@</subfield><subfield code="b">000025575230</subfield></datafield><datafield ind1=" " ind2=" " tag="042"><subfield code="a">msc</subfield></datafield><datafield ind1=" " ind2=" " tag="043"><subfield code="a">n-us-in</subfield></datafield><datafield ind1="0" ind2=" " tag="130"><subfield code="a">Warsaw daily times (Warsaw, Ind. : 1882)</subfield></datafield><datafield ind1="1" ind2="0" tag="245"><subfield code="a">Warsaw daily times.</subfield></datafield><datafield ind1="1" ind2="7" tag="246"><subfield code="a">Warsaw daily times, and the northern Indianian</subfield></datafield><datafield ind1=" " ind2=" " tag="260"><subfield code="a">Warsaw, Ind. :</subfield><subfield code="b">Williams &amp; Hossler,</subfield><subfield code="c">1882-1919.</subfield></datafield><datafield ind1=" " ind2=" " tag="300"><subfield code="a">38 v. :</subfield><subfield code="b">ill.</subfield></datafield><datafield ind1=" " ind2=" " tag="310"><subfield code="a">Daily (except Sun.)</subfield></datafield><datafield ind1="0" ind2=" " tag="362"><subfield code="a">Vol. 2, no. 1 (Nov. 28, 1882)-July 15, 1919.</subfield></datafield><datafield ind1=" " ind2="0" tag="651"><subfield code="a">Warsaw (Ind.)</subfield><subfield code="v">Newspapers.</subfield></datafield><datafield ind1=" " ind2="0" tag="651"><subfield code="a">Kosciusko County (Ind.)</subfield><subfield code="v">Newspapers.</subfield></datafield><datafield ind1=" " ind2="7" tag="651"><subfield code="a">Indiana</subfield><subfield code="z">Kosciusko County.</subfield><subfield code="2">fast</subfield><subfield code="0">(OCoLC)fst01204084</subfield></datafield><datafield ind1=" " ind2="7" tag="651"><subfield code="a">Indiana</subfield><subfield code="z">Warsaw.</subfield><subfield code="2">fast</subfield><subfield code="0">(OCoLC)fst01215661</subfield></datafield><datafield ind1=" " ind2="7" tag="655"><subfield code="a">Newspapers.</subfield><subfield code="2">fast</subfield><subfield code="0">(OCoLC)fst01423814</subfield></datafield><datafield ind1=" " ind2=" " tag="752"><subfield code="a">United States</subfield><subfield code="b">Indiana</subfield><subfield code="c">Kosciusko</subfield><subfield code="d">Warsaw.</subfield></datafield><datafield ind1="0" ind2="0" tag="780"><subfield code="t">Daily Indianian</subfield><subfield code="w">(DLC)sn 87055839</subfield><subfield code="w">(OCoLC)15471148</subfield></datafield><datafield ind1="0" ind2="7" tag="785"><subfield code="t">Northern Indianian (Warsaw, Ind. : 1895)</subfield><subfield code="w">(DLC)sn 87055837</subfield><subfield code="w">(OCoLC)15471400</subfield></datafield><datafield ind1="0" ind2="7" tag="785"><subfield code="t">Warsaw daily times and the northern Indianian</subfield><subfield code="w">(DLC)sn 87056392</subfield><subfield code="w">(OCoLC)16820087</subfield></datafield></record>